@Misc{EPRINT:Doe36,
  author =       "John Doe",
  title =        "My first paper, that I am really proud of, but which never got published",
  year =         2036,
  howpublished = "Cryptology ePrint Archive, Report 2036/9999",
  note =         "\url{http://eprint.iacr.org/2036/9999}",
}

@InProceedings{CCS:DDMS39,
  author =       "Doe, John and Dupont, Jean and Martin, Pierre and Smith, Jane",
  title =        "I had to submit something just before graduating",
  editor =       "Big Boss",
  booktitle =    "Conf1 proceedings",
  publisher =    "Thief",
  month =        10,
  year =         2039,
}

@InProceedings{NDSS:DoeSmi38,
  author =       "Doe, John and Smith, Jane",
  title =        "Your advisor finally helped you ...",
  editor =       "Who Knows",
  booktitle =    "Conf2 proceedings",
  publisher =    "Thief",
  month =        04,
  year =         2038,
}
