@inproceedings{MeierSCB13,
  author    = {Simon Meier and
               Benedikt Schmidt and
               Cas Cremers and
               David A. Basin},
  title     = {The {TAMARIN} Prover for the Symbolic Analysis of Security Protocols},
  booktitle = {Computer Aided Verification {CAV}},
  volume    = {8044},
  pages     = {696--701},
  year      = {2013}
}

@inproceedings{CremersHHSM17,
  author    = {Cas Cremers and
               Marko Horvat and
               Jonathan Hoyland and
               Sam Scott and
               Thyla van der Merwe},
  title     = {A Comprehensive Symbolic Analysis of {TLS} 1.3},
  booktitle = {{CCS}},
  pages     = {1773--1788},
  year      = {2017},
}

@article{HulsingNSWZ20,
  author    = {Andreas H{\"{u}}lsing and
               Kai{-}Chun Ning and
               Peter Schwabe and
               Florian Weber and
               Ralf Zimmermann},
  title     = {Post-quantum WireGuard},
  journal   = {{IACR} Cryptol. ePrint Arch.},
  volume    = {2020},
  pages     = {379},
  year      = {2020},
}

@article{Blanchet16,
  author    = {Bruno Blanchet},
  title     = {Modeling and Verifying Security Protocols with the Applied Pi Calculus
               and ProVerif},
  journal   = {Found. Trends Priv. Secur.},
  volume    = {1},
  number    = {1-2},
  pages     = {1--135},
  year      = {2016},
}

@inproceedings{Lowe96,
  author    = {Gavin Lowe},
  title     = {Breaking and Fixing the Needham-Schroeder Public-Key Protocol Using
               {FDR}},
  booktitle = {{TACAS}},
  volume    = {1055},
  pages     = {147--166},
  year      = {1996},
}

@inproceedings{KobeissiBB17,
  author    = {Nadim Kobeissi and
               Karthikeyan Bhargavan and
               Bruno Blanchet},
  title     = {Automated Verification for Secure Messaging Protocols and Their Implementations:
               {A} Symbolic and Computational Approach},
  booktitle = {EuroS{\&}P},
  pages     = {435--450},
  year      = {2017},
}

@inproceedings{BhargavanBK17,
  author    = {Karthikeyan Bhargavan and
               Bruno Blanchet and
               Nadim Kobeissi},
  title     = {Verified Models and Reference Implementations for the {TLS} 1.3 Standard
               Candidate},
  booktitle = {{IEEE} Symposium on Security and Privacy, {SP}},
  pages     = {483--502},
  year      = {2017},
}

@inproceedings{BasinDHRSS18,
  author    = {David A. Basin and
               Jannik Dreier and
               Lucca Hirschi and
               Sasa Radomirovic and
               Ralf Sasse and
               Vincent Stettler},
  editor    = {David Lie and
               Mohammad Mannan and
               Michael Backes and
               XiaoFeng Wang},
  title     = {A Formal Analysis of 5G Authentication},
  booktitle = {{CCS}},
  pages     = {1383--1396},
  year      = {2018},
}

@article{DolevY83,
  author    = {Danny Dolev and
               Andrew Chi{-}Chih Yao},
  title     = {On the security of public key protocols},
  journal   = {{IEEE} Trans. Inf. Theory},
  volume    = {29},
  number    = {2},
  pages     = {198--207},
  year      = {1983}
}
@article{DBLP:journals/iacr/DangFAMNG20,
  author    = {Viet B. Dang and
               Farnoud Farahmand and
               Michal Andrzejczak and
               Kamyar Mohajerani and
               Duc Tri Nguyen and
               Kris Gaj},
  title     = {Implementation and Benchmarking of Round 2 Candidates in the {NIST}
               Post-Quantum Cryptography Standardization Process Using Hardware and
               Software/Hardware Co-design Approaches},
  journal   = {{IACR} Cryptol. ePrint Arch.},
  volume    = {2020},
  pages     = {795},
  year      = {2020},
}

@inproceedings{DBLP:conf/pkc/HashimotoKKP21,
  author    = {Keitaro Hashimoto and
               Shuichi Katsumata and
               Kris Kwiatkowski and
               Thomas Prest},
  title     = {An Efficient and Generic Construction for Signal's Handshake {(X3DH):}
               Post-Quantum, State Leakage Secure, and Deniable},
  booktitle = {{PKC}},
  volume    = {12711},
  pages     = {410--440},
  year      = {2021},
}

@misc{sp800_90A_Rev1,
    author = {Elaine Barker, John Kelsey},
    title={Recommendation for Random Number Generation Using Deterministic Random Bit Generators},
  howpublished = {Information Technology Laboratory, Computer Security Resource Center},
  year={2015},
note = {\url{https://csrc.nist.gov/publications/detail/sp/800-90a/rev-1/final}},
}

@misc{eBACS,
    author = {Daniel Berstein and Tanja Lange},
    title={eBACS: ECRYPT Benchmarking of Cryptographic Systems},
 
  year={2021},
note = {\url{https://bench.cr.yp.to/results-kem.html}},
}

@misc{cryptoeprint:2018:1037,
    author  = {JoÃ«l Alwen and Sandro Coretti and Yevgeniy Dodis},
    title = {The Double Ratchet: Security Notions, Proofs, and Modularization for the Signal Protocol},
    howpublished = {Cryptology ePrint Archive, Report 2018/1037},
    year = {2018},
    note = {\url{https://eprint.iacr.org/2018/1037}},
}

@misc{double_ratchet,
    author = "Trevor Perrin, Moxie Marlinspike",
    title = "The Double Ratchet Algorithm",
    url  = "https://signal.org/docs/specifications/doubleratchet/"
}

@misc{X3DH,
    author = "Trevor Perrin, Moxie Marlinspike",
    title = "The X3DH Key Agreement Protocol",
    url  = "https://signal.org/docs/specifications/x3dh/"
}


@inproceedings{DBLP:conf/crypto/Krawczyk05,
  author    = {Hugo Krawczyk},
  editor    = {Victor Shoup},
  title     = {{HMQV:} {A} High-Performance Secure Diffie-Hellman Protocol},
  booktitle = {{CRYPTO}},
  volume    = {3621},
  pages     = {546--566},
  year      = {2005},
}

@book{DBLP:books/crc/MenezesOV96,
  author    = {Alfred Menezes and
               Paul C. van Oorschot and
               Scott A. Vanstone},
  title     = {Handbook of Applied Cryptography},
  publisher = {{CRC} Press},
  year      = {1996},
}

@misc{nist_round3,
    title={Round 3 Submissions},
  howpublished = {Information Technology Laboratory, Computer Security Resource Center},
  year={2020},

}



@misc{libOQS,
  author={Douglas Stebila and Michele Mosca and Michael Baentsch and Eric Crockett and Vlad Gheorghiu and Basil Hess and Christian Paquin and Goutam Tamvada},
  title     = {Open Quantum Safe. Software for prototyping quantum-resistant cryptography},
 year={2021},  
 note = {\url{https://openquantumsafe.org/}}        
}

@misc{IKEv2draft,
  author={C. Tjhai and M. Tomlinson and G. Bartlett},
  title     = { Multiple Key Exchanges in IKEv2           draft-ietf-ipsecme-ikev2-multiple-ke-02},
                
    howpublished = {Internet Engineering Task Force (IETF),                Internet-Draft},
    
   year={2021},  
     note = {\url{https://datatracker.ietf.org/doc/html/draft-ietf-ipsecme-ikev2-multiple-ke-02}}       
}

@inproceedings{DBLP:conf/pkc/Blake-WilsonM99,
  author    = {Simon Blake{-}Wilson and
               Alfred Menezes},
  title     = {Unknown Key-Share Attacks on the Station-to-Station {(STS)} Protocol},
  booktitle = {Public Key Cryptography, Second International Workshop on Practice
               and Theory in Public Key Cryptography, {PKC}},
  volume    = {1560},
  pages     = {154--170},
  year      = {1999},
}

@article{DBLP:journals/siamrev/Shor99,
  author    = {Peter W. Shor},
  title     = {Polynomial-Time Algorithms for Prime Factorization and Discrete Logarithms
               on a Quantum Computer},
  journal   = {{SIAM} Rev.},
  volume    = {41},
  number    = {2},
  pages     = {303--332},
  year      = {1999},
}

@article{DBLP:journals/corr/abs-1907-12754,
  author    = {Harshdeep Singh},
  title     = {Code based Cryptography: Classic McEliece},
  journal   = {CoRR},
  volume    = {abs/1907.12754},
  year      = {2019},
  url       = {http://arxiv.org/abs/1907.12754},
  archivePrefix = {arXiv},
  eprint    = {1907.12754},
}

@inproceedings{DBLP:conf/eurosp/BosDKLLSSSS18,
  author    = {Joppe W. Bos and
               L{\'{e}}o Ducas and
               Eike Kiltz and
               Tancr{\`{e}}de Lepoint and
               Vadim Lyubashevsky and
               John M. Schanck and
               Peter Schwabe and
               Gregor Seiler and
               Damien Stehl{\'{e}}},
  title     = {{CRYSTALS} - Kyber: {A} CCA-Secure Module-Lattice-Based {KEM}},
  booktitle = {2018 {IEEE} European Symposium on Security and Privacy, EuroS{\&}P},
  pages     = {353--367},
  year      = {2018},
}

@inproceedings{NISTfalcon,
author={Thomas Prest and Pierre-Alain Fouque and Jeffrey Hoffstein and Paul Kirchner
and Vadim Lyubashevsky and Thomas Pornin and Thomas Ricosset
and Gregor Seiler and William Whyte and Zhenfei Zhan},
title={FALCON. Technical report, National Institute of Standards and Technology},
year= {2020},
}

@inproceedings{NISTmceliece,
author={Martin R. Albrecht
and Daniel J. Bernstein
and Tung Chou
and Carlos Cid
and Jan Gilcher
and Tanja Lange
and Varun Maram
and Ingo von Maurich
and Rafael Misoczki
and Ruben Niederhagen
and Kenneth G. Paterson
and Edoardo Persichetti
and Christiane Peters
and Peter Schwabe
and Nicolas Sendrier
and Jakub Szefer
and Cen Jung Tjhai
and Martin Tomlinson
and Wen Wang},
title={Classic McEliece. Technical report, National Institute of Standards and Technology},
year= {2020},
}

@inproceedings{NISTkyber,
author={Peter Schwabe
and Roberto Avanzi
and Joppe Bos
and Leo Ducas
and Eike Kiltz
and Tancrede Lepoint
and Vadim Lyubashevsky
and John M. Schanck
and Gregor Seiler
and Damien Stehle},
title={CRYSTALS-KYBER. Technical report, National Institute of Standards and Technology},
year= {2020},
}

@inproceedings{NISTntru,
author={Cong Chen
and Oussama Danba
and Jeffrey Hoffstein
and Andreas Hulsing
and Joost Rijneveld
and John M. Schanck
and Peter Schwabe
and William Whyte
and Zhenfei Zhang
and Tsunekazu Saito
and Takashi Yamakawa
and Keita Xagawa},
title={NTRU. Technical report, National Institute of Standards and Technology},
year= {2020},
}

@inproceedings{NISTsaber,
author={Jan-Pieter D'Anvers
and Angshuman Karmakar
and Sujoy Sinha Roy
and Frederik Vercauteren
and Jose Maria Bermudo Mera
and Michiel Van Beirendonck
and Andrea Basso},
title={SABER. Technical report, National Institute of Standards and Technology},
year= {2020},
}

@inproceedings{NISTdilithium,
author={Vadim Lyubashevsky
and Leo Ducas
and Eike Kiltz
and Tancrede Lepoint
and Peter Schwabe
and Gregor Seiler
and Damien Stehle
and Shi Bai},
title={CRYSTALS-DILITHIUM. Technical report, National Institute of Standards and Technology},
year= {2020},
}

@inproceedings{NISTrainbow,
author={Jintai Ding
and Ming-Shing Chen
and Albrecht Petzoldt
and Dieter Schmidt
and Bo-Yin Yang
and Matthias Kannwischer
and Jacques Patarin},
title={Rainbow. Technical report, National Institute of Standards and Technology},
year= {2020},
}

@inproceedings{NISTbike,
author={Nicolas Aragon
and Paulo Barreto
and Slim Bettaieb
and Loic Bidoux
and Olivier Blazy
and Jean-Christophe Deneuville
and Phillipe Gaborit
and Shay Gueron
and Tim Guneysu
and Carlos Aguilar Melchor
and Rafael Misoczki
and Edoardo Persichetti
and Nicolas Sendrier
and Jean-Pierre Tillich
and Gilles Zemor
and Valentin Vasseur
and Santosh Ghosh
and Jan Richter-Brokmann},
title={BIKE. Technical report, National Institute of Standards and Technology},
year= {2020},
}

@inproceedings{NISTfrodo,
author={Michael Naehrig
and Erdem Alkim
and Joppe Bos
and Leo Ducas
and Karen Easterbrook
and Brian LaMacchia
and Patrick Longa
and Ilya Mironov
and Valeria Nikolaenko
and Christopher Peikert
and Ananth Raghunathan
and Douglas Stebila},
title={FrodoKEM. Technical report, National Institute of Standards and Technology},
year= {2020},
}

@inproceedings{Kyber,
author={Roberto Avanzi
and Joppe Bos
and LÃ©o Ducas
and Eike Kiltz
and TancrÃ¨de Lepoint
and Vadim Lyubashevsky
and John M. Schanck
and Peter Schwabe
and Gregor Seiler
and Damien StehlÃ©},
title={{CRYSTALS-Kyber â Submission to round 3 of the NIST post-quantum project}},
year= {2021},
url={https://pq-crystals.org/kyber/data/kyber-specification-round3-20210804.pdf}
}

@inproceedings{CHSW22,
author={Celi, Sof{\'i}a
and Hoyland, Jonathan
and Stebila, Douglas
and Wiggers, Thom},
title={{A Tale of Two Models: Formal Verification of KEMTLS via Tamarin}},
booktitle={{Computer Security -- ESORICS 2022}},
year={2022},
pages={63--83},
}


@inproceedings{NISThqc,
author={Carlos Aguilar Melchor
and Nicolas Aragon
and Slim &Bettaieb
and LoÃ¯c Bidoux
and Olivier Blazy
and Jean-Christophe Deneuville
and Philippe Gaborit
and Edoardo Persichetti
and Gilles ZÃ©mor
and Jurjen Bos},
title={HQC. Technical report, National Institute of Standards and Technology},
year= {2020},
}

@inproceedings{NISTntruprime,
author={Daniel J. Bernstein
and Billy Bob Brumley
and Ming-Shing Chen
and Chitchanok Chuengsatiansup
and Tanja Lange
and Adrian Marotzke
and Bo-Yuan Peng
and Nicola Tuveri
and Christine van Vredendaal
and Bo-Yin Yang},
title={NTRU Prime. Technical report, National Institute of Standards and Technology},
year= {2020},
}

@inproceedings{NISTsike,
author={David Jao
and Reza Azarderakhsh
and Matthew Campagna
and and Craig Costello
and Luca De Feo
and Basil Hess
and Amir Jalali
and Brian Koziel
and Brian LaMacchia
and Patrick Longa
and Michael Naehrig
and Joost Renes
and Vladimir Soukharev
and David Urbanik
and Geovandro Pereira
and Koray Karabina
and Aaron Hutchinson},
title={SIKE. Technical report, National Institute of Standards and Technology},
year= {2020},
}

@inproceedings{DBLP:conf/africacrypt/DAnversKRV18,
  author    = {Jan{-}Pieter D'Anvers and
               Angshuman Karmakar and
               Sujoy Sinha Roy and
               Frederik Vercauteren},
  title     = {Saber: Module-LWR Based Key Exchange, CPA-Secure Encryption and CCA-Secure
               {KEM}},
  booktitle = {Progress in Cryptology - {AFRICACRYPT}},
  volume    = {10831},
  pages     = {282--305},
  year      = {2018},
}

@article{DBLP:journals/iacr/BrendelF0JS19,
  author    = {Jacqueline Brendel and
               Marc Fischlin and
               Felix G{\"{u}}nther and
               Christian Janson and
               Douglas Stebila},
  title     = {Challenges in Proving Post-Quantum Key Exchanges Based on Key Encapsulation
               Mechanisms},
  journal   = {{IACR} Cryptol. ePrint Arch.},
  volume    = {2019},
  pages     = {1356},
  year      = {2019},
}

@inproceedings{DBLP:conf/uss/AlkimDPS16,
  author    = {Erdem Alkim and
               L{\'{e}}o Ducas and
               Thomas P{\"{o}}ppelmann and
               Peter Schwabe},
  title     = {Post-quantum Key Exchange - {A} New Hope},
  booktitle = {25th {USENIX} Security Symposium, {USENIX}},
  pages     = {327--343},
  year      = {2016},
}

@inproceedings{DBLP:conf/ccs/SchwabeSW20,
  author    = {Peter Schwabe and
               Douglas Stebila and
               Thom Wiggers},
  title     = {Post-Quantum {TLS} Without Handshake Signatures},
  booktitle = {{CCS} '20: 2020 {ACM} {SIGSAC} Conference on Computer and Communications
               Security, Virtual Event},
  pages     = {1461--1480},
  year      = {2020},
}

@misc{MTProto,
    author = "Telegram",
    title = "MTProto Mobile Protocol",
    url  = "https://core.telegram.org/mtproto"
}

@misc{Messenger,
    author = "Trevor Perrin, Moxie Marlinspike",
    title = "Facebook Messenger deploys Signal Protocol for end-to-end encryption",
    url  = "https://signal.org/blog/facebook-messenger/"
}

@misc{WhatsApp,
    author = "Trevor Perrin, Moxie Marlinspike",
    title = "WhatsApp's signal Protocol integration is now complete",
    url  = "https://signal.org/blog/whatsapp-complete/"
}


@article{DBLP:journals/joc/Cohn-GordonCDGS20,
  author    = {Katriel Cohn{-}Gordon and
               Cas Cremers and
               Benjamin Dowling and
               Luke Garratt and
               Douglas Stebila},
  title     = {A Formal Security Analysis of the Signal Messaging Protocol},
  journal   = {J. Cryptol.},
  volume    = {33},
  number    = {4},
  pages     = {1914--1983},
  year      = {2020},
}

@inproceedings{DBLP:conf/sacrypt/BrendelFGJS20,
  author       = {Jacqueline Brendel and
                  Marc Fischlin and
                  Felix G{\"{u}}nther and
                  Christian Janson and
                  Douglas Stebila},
  editor       = {Orr Dunkelman and
                  Michael J. Jacobson Jr. and
                  Colin O'Flynn},
  title        = {Towards Post-Quantum Security for Signal's {X3DH} Handshake},
  booktitle    = {Selected Areas in Cryptography - {SAC} 2020 - 27th International Conference,
                  Halifax, NS, Canada (Virtual Event), October 21-23, 2020, Revised
                  Selected Papers},
  series       = {Lecture Notes in Computer Science},
  volume       = {12804},
  pages        = {404--430},
  publisher    = {Springer},
  year         = {2020}
}